@techreport{waidner.2020,
  author      = {Waidner, David},
  institution = {DHBW Karlsruhe},
  title       = {Erlernen von Bewegungsabl√§ufen durch Reinforcement Learning},
  year        = {2020}
}

@misc{mujoco.org,
	author = {},
	title = {{M}u{J}o{C}o -- {A}dvanced {P}hysics {S}imulation --- mujoco.org},
	howpublished = {\url{https://mujoco.org/}},
	year = {},
	note = {[Accessed 22-Apr-2023]},
}

@misc{github.mujoco,
	author = {},
	title = {{G}it{H}ub - deepmind/mujoco: {M}ulti-{J}oint dynamics with {C}ontact. {A} general purpose physics simulator. --- github.com},
	howpublished = {\url{https://github.com/deepmind/mujoco}},
	year = {},
	note = {[Accessed 22-Apr-2023]},
}

@misc{mujocoUnityPlugin,
	author = {},
	title = {{U}nity {P}lug-in - {M}u{J}o{C}o {D}ocumentation --- mujoco.readthedocs.io},
	howpublished = {\url{https://mujoco.readthedocs.io/en/latest/unity.html}},
	year = {},
	note = {[Accessed 22-Apr-2023]},
}

@misc{mlagentsHistory,
	author = {},
	title = {{A}nnouncing {M}{L}-{A}gents {U}nity {P}ackage v1.0! | {U}nity {B}log --- blog.unity.com},
	howpublished = {\url{https://blog.unity.com/technology/announcing-ml-agents-unity-package-v1-0}},
	year = {},
	note = {[Accessed 22-Apr-2023]},
}

@misc{crawlerExample,
	author = {Unity Technologies},
	title = {{E}xample {L}earning {E}nvironments - {U}nity {M}{L}-{A}gents {T}oolkit --- unity-technologies.github.io},
	howpublished = {\url{https://unity-technologies.github.io/ml-agents/Learning-Environment-Examples/\#crawler}},
	year = {},
	note = {[Accessed 22-Apr-2023]},
}

